@misc{vonneumann2010proofergodictheoremhtheorem,
      title={Proof of the Ergodic Theorem and the H-Theorem in Quantum Mechanics}, 
      author={John von Neumann},
      year={2010},
      eprint={1003.2133},
      archivePrefix={arXiv},
      primaryClass={physics.hist-ph},
      doi={https://doi.org/10.1140/epjh/e2010-00008-5},
      url={https://arxiv.org/abs/1003.2133}, 
      test=test,
}

@misc{imamura1999stringjunctionsdualsheterotic,
      title={String Junctions and Their Duals in Heterotic String Theory}, 
      author={Yosuke Imamura},
      year={1999},
      url={https://arxiv.org/abs/hep-th/9901001}, 
}

@misc{preskill2023quantumcomputing40years,
      title={Quantum computing 40 years later}, 
      author={John Preskill},
      year={2023},
      eprint={2106.10522},
      archivePrefix={arXiv},
      primaryClass={quant-ph},
      url={https://arxiv.org/abs/2106.10522}, 
}