@book{Penrose_Rindler_1984,
  title={Spinors and Space-Time: Volume 1: Two-Spinor Calculus and {Relativistic} Fields},
  author={{Penrose}, Roger and {Rindler}, Wolfgang},
  year=1984,
  collection={Cambridge {Monographs} on Mathematical Physics},
  publisher={{Cambridge University} Press},
  isbn={978-0-521-33707-6},
  doi={10.1017/CBO9780511564048},
  volume=1,
  series={Cambridge Monographs on Mathematical Physics},
}

