@article{Einstein_1905_Über,
  title={Über die von der molekularkinetischen Theorie der Wärme geforderte Bewegung von in ruhenden Flüssigkeiten suspendierten Teilchen},
  author={Einstein, A.},
  year={1905},
  journal={Annalen der Physik},
  pages={549–560},
  month={jan},
  publisher={Wiley},
  url={http://dx.doi.org/10.1002/andp.19053220806},
  issn={1521-3889},
  number={8},
  doi={10.1002/andp.19053220806},
  volume={322},
}
@article{Philips_2022,
  title={Universal control of a six-qubit quantum processor in silicon},
  author={Philips, Stephan G. J. and Mądzik, Mateusz T. and Amitonov, Sergey V. and de Snoo, Sander L. and Russ, Maximilian and Kalhor, Nima and Volk, Christian and Lawrie, William I. L. and Brousse, Delphine and Tryputen, Larysa and Wuetz, Brian Paquelet and Sammak, Amir and Veldhorst, Menno and Scappucci, Giordano and Vandersypen, Lieven M. K.},
  year={2022},
  journal={Nature},
  pages={919–924},
  month={sep},
  publisher={Springer Science and Business Media LLC},
  url={http://dx.doi.org/10.1038/s41586-022-05117-x},
  issn={1476-4687},
  number={7929},
  doi={10.1038/s41586-022-05117-x},
  volume={609},
}

@article{Einstein_1905_Elektrodynamik,
  title={Zur Elektrodynamik bewegter Körper},
  author={Einstein, A.},
  year={1905},
  journal={Annalen der Physik},
  pages={891–921},
  month={jan},
  publisher={Wiley},
  url={http://dx.doi.org/10.1002/andp.19053221004},
  issn={1521-3889},
  number={10},
  doi={10.1002/andp.19053221004},
  volume={322},
}

@article{Peri_2023,
  title={Measuring thermal conductivity of nanostructures with the 3ω method: the need for finite element modeling},
  author={Peri, Lorenzo and Prete, Domenic and Demontis, Valeria and Degoli, Elena and Ruini, Alice and Magri, Rita and Rossella, Francesco},
  year={2023},
  journal={Nanotechnology},
  pages={435403},
  month={aug},
  publisher={IOP Publishing},
  url={http://dx.doi.org/10.1088/1361-6528/acdc2c},
  issn={1361-6528},
  number={43},
  doi={10.1088/1361-6528/acdc2c},
  volume={34},
}

