@PREAMBLE{"
\makeatletter
\providecommand\dosomething[0]{}
\makeatother
"}