@article{Newman_1942,
  title={On a String Problem of Dirac},
  author={Newman, M. H. A.},
  year={1942},
  journal={Journal of the London Mathematical Society},
  language={en},
  pages={173-177},
  issn={1469-7750},
  number={3},
  doi={10.1112/jlms/s1-17.3.173},
  volume={s1-17},
}

