@book{sophocles_oedipus_rex,
    author = {Σοφοκλής},
    title = {Œdipus Rex},
    keywords = {Greek Tragedy, Classical Literature, Sophocles, Œdipus}
}

@book{AeschylusPrometheusBound,
  author = {Æschylus},
  title = {Prometheus Bound},
  publisher = {Oxford University Press},
  year = {1975},
  location = {New York},
  editor = {James Scully and C. J Herington},
}

@misc{f_liga,
  author = {Mr Fancy Pants},
  title = {A ﬁne poem on ﬂowers},
  year = {1720},
}

@misc{long_s,
  author = {Mr Fancy Pants},
  title = {A ﬅunning ſcene},
  year = {1721},
}